<?xml version="1.0" encoding="UTF-8"?><collection xmlns="http://www.loc.gov/MARC21/slim"><record><leader>00353nam--2200121-i-4500</leader><controlfield tag="001">000037042</controlfield><controlfield tag="002">20161230</controlfield><controlfield tag="005">20161230201041</controlfield><controlfield tag="008">060222s1000------------r-----000-0-eng-d</controlfield><datafield ind1=" " ind2=" " tag="080"><subfield code="a">543423062/C18</subfield></datafield><datafield ind1=" " ind2=" " tag="245"><subfield code="a">Probleme ale spectrofotometriei si spectrografiei. culegere de trad</subfield></datafield><datafield ind1=" " ind2=" " tag="260"><subfield code="a">Bucuresti, Inst.Central De Docum.Tehnica, 1970, 65p</subfield></datafield><datafield ind1=" " ind2=" " tag="852"><subfield code="a">34429</subfield></datafield></record></collection>